@unpublished{specialization-project,
  title={Building Footprint Detection Using Remote Sensing Data},
  author={Martinussen, Jakob Gerhard},
  year={2019},
  school={Norwegian University of Science and Technology},
  url={https://jakobgm.com/pdf/ntnu_reports/9-project-thesis.pdf}
}

% Figure 5 is a good illustration for the Ramer-Douglas-Peucker algorithm
% https://www.researchgate.net/publication/332499235_A_novel_approach_for_selecting_extreme_climate_change_scenarios_for_climate_change_impact_studies
@article{original-rdp-figure,
  author = {Farjad, Babak and Gupta, A. and Sartipizadeh, Hossein and Cannon, A.J.},
  year = {2019},
  month = {04},
  pages = {},
  title = {A novel approach for selecting extreme climate change scenarios for climate change impact studies},
  volume = {678},
  journal = {Science of The Total Environment},
  doi = {10.1016/j.scitotenv.2019.04.218}
}

% Original paper introducing spatial R-Tree index
% https://dl.acm.org/doi/abs/10.1145/602259.602266
@inproceedings{rtree,
  title={R-trees: A dynamic index structure for spatial searching},
  author={Guttman, Antonin},
  booktitle={Proceedings of the 1984 ACM SIGMOD international conference on Management of data},
  pages={47--57},
  year={1984}
}

% Illustration of overlapping surface polygons when projected into two dimensions
@online{wiki:gable-roof,
 author = "Wikimedia Commons",
 title = "Fil:Roof window at Evanger.jpg",
 year = "2011",
 url = "https://no.m.wikipedia.org/wiki/Fil:Roof_window_at_Evanger.jpg",
 urldate = {2020-06-03},
 author = {Holmstad, Ã˜yvind},
}

% Two sources describing skimage.measure.label
@article{sklabel1,
  title={Two linear time union-find strategies for image processing},
  author={Fiorio, Christophe and Gustedt, Jens},
  journal={Theoretical Computer Science},
  volume={154},
  number={2},
  pages={165--181},
  year={1996},
  publisher={Elsevier}
}
@inproceedings{sklabel2,
  title={Optimizing connected component labeling algorithms},
  author={Wu, Kesheng and Otoo, Ekow and Shoshani, Arie},
  booktitle={Medical Imaging 2005: Image Processing},
  volume={5747},
  pages={1965--1976},
  year={2005},
  organization={International Society for Optics and Photonics}
}
