% Original paper introducing spatial R-Tree index
% https://dl.acm.org/doi/abs/10.1145/602259.602266
@inproceedings{rtree,
  title={R-trees: A dynamic index structure for spatial searching},
  author={Guttman, Antonin},
  booktitle={Proceedings of the 1984 ACM SIGMOD international conference on Management of data},
  pages={47--57},
  year={1984}
}

% Illustration of overlapping surface polygons when projected into two dimensions
@online{wiki:gable-roof,
 author = "Wikimedia Commons",
 title = "Fil:Roof window at Evanger.jpg",
 year = "2011",
 url = "https://no.m.wikipedia.org/wiki/Fil:Roof_window_at_Evanger.jpg",
 urldate = {2020-06-03},
 author = {Holmstad, Ã˜yvind},
}
