% Backpropagation theory book
% https://books.google.no/books?id=oWRv7BR4BqMC&lpg=PA1&ots=RMEuB9-Cd7&dq=backpropagation&lr&pg=PA1#v=onepage&q=backpropagation&f=false
@article{backpropagation,
  title={Backpropagation: The basic theory},
  author={Rumelhart, David E and Durbin, Richard and Golden, Richard and Chauvin, Yves},
  journal={Backpropagation: Theory, architectures and applications},
  pages={1--34},
  year={1995}
}

% Paper introducing the He normal weight initializer
% https://www.cv-foundation.org/openaccess/content_iccv_2015/html/He_Delving_Deep_into_ICCV_2015_paper.html
% https://www.cv-foundation.org/openaccess/content_iccv_2015/papers/He_Delving_Deep_into_ICCV_2015_paper.pdf
@InProceedings{he-normal,
  author = {He, Kaiming and Zhang, Xiangyu and Ren, Shaoqing and Sun, Jian},
  title = {Delving Deep into Rectifiers: Surpassing Human-Level Performance on ImageNet Classification},
  booktitle = {The IEEE International Conference on Computer Vision (ICCV)},
  month = {December},
  year = {2015}
}

% Overview of different gradient descent schemes, including mini-batch gradient descent
% https://arxiv.org/pdf/1609.04747.pdf
@misc{gradient-descent,
    title={An overview of gradient descent optimization algorithms},
    author={Sebastian Ruder},
    year={2016},
    eprint={1609.04747},
    archivePrefix={arXiv},
    primaryClass={cs.LG}
}

% Paper about overfitting, conjugate gradients, and early stopping
% http://papers.nips.cc/paper/1895-overfitting-in-neural-nets-backpropagation-conjugate-gradient-and-early-stopping.pdf
@inproceedings{early-stopping,
  title={Overfitting in neural nets: Backpropagation, conjugate gradient, and early stopping},
  author={Caruana, Rich and Lawrence, Steve and Giles, C Lee},
  booktitle={Advances in neural information processing systems},
  pages={402--408},
  year={2001}
}

% Adam optimizer, original paper
% https://arxiv.org/pdf/1412.6980.pdf
@misc{adam-optimizer,
    title={Adam: A Method for Stochastic Optimization},
    author={Diederik P. Kingma and Jimmy Ba},
    year={2014},
    eprint={1412.6980},
    archivePrefix={arXiv},
    primaryClass={cs.LG}
}

% --- Multitask learning ---
@article{multitask-learning,
  title={Multitask learning},
  author={Caruana, Rich},
  journal={Machine learning},
  volume={28},
  number={1},
  pages={41--75},
  year={1997},
  publisher={Springer}
}
