% Deep learning image segmentation overview
% https://arxiv.org/pdf/1704.06857.pdf
@article{segmentation-overview,
    title={A Review on Deep Learning Techniques Applied to Semantic Segmentation},
    author={Alberto Garcia-Garcia and Sergio Orts-Escolano and Sergiu Oprea and Victor Villena-Martinez and Jose Garcia-Rodriguez},
    year={2017},
    eprint={1704.06857},
    archivePrefix={arXiv},
    primaryClass={cs.CV}
}

% --- Losses ---
% Explaining segmentation losses derived from metrics
% Also explains the discrepancy between BCEL and common metrics
% Found no significant difference between metric-sensitive losses w.r.t. Dice or Jaccard [p. 98]
% https://link.springer.com/chapter/10.1007/978-3-030-32245-8_11
% https://link.springer.com/content/pdf/10.1007%2F978-3-030-32245-8.pdf
@InProceedings{soft-losses,
  author="Bertels, Jeroen and Eelbode, Tom and Berman, Maxim and Vandermeulen, Dirk and Maes, Frederik and Bisschops, Raf and Blaschko, Matthew B.", editor="Shen, Dinggang and Liu, Tianming and Peters, Terry M.  and Staib, Lawrence H.  and Essert, Caroline and Zhou, Sean and Yap, Pew-Thian and Khan, Ali",
  title="Optimizing the Dice Score and Jaccard Index for Medical Image Segmentation: Theory and Practice",
  booktitle="Medical Image Computing and Computer Assisted Intervention -- MICCAI 2019",
  year="2019",
  publisher="Springer International Publishing",
  address="Cham",
  pages="92--100",
  isbn="978-3-030-32245-8"
}
% Soft jaccard loss which shows specific equation for how to define this loss
% http://www.bmva.org/bmvc/2013/Papers/paper0032/paper0032.pdf
% Used by this gist: https://github.com/keras-team/keras-contrib/blob/master/keras_contrib/losses/jaccard.py
@inproceedings{jaccard-loss-with-equation,
  title={What is a good evaluation measure for semantic segmentation?.},
  author={Csurka, Gabriela and Larlus, Diane and Perronnin, Florent and Meylan, France},
  booktitle={BMVC},
  volume={27},
  pages={2013},
  year={2013},
  organization={Citeseer}
}
% Original soft dice loss proposal
% https://ieeexplore.ieee.org/stamp/stamp.jsp?tp=&arnumber=7785132
@inproceedings{original-soft-dice-loss,
  author={F. {Milletari} and N. {Navab} and S. {Ahmadi}},
  booktitle={2016 Fourth International Conference on 3D Vision (3DV)},
  title={V-Net: Fully Convolutional Neural Networks for Volumetric Medical Image Segmentation},
  year={2016},
  volume={},
  number={},
  pages={565-571},
  doi={10.1109/3DV.2016.79},
  ISSN={null},
  month={Oct}
}

% --- State-of-the-Art
% AlexNet-paper. First deep learning paper for classification tasks.
% http://papers.nips.cc/paper/4824-imagenet-classification-with-deep-convolutional-neural-networks.pdf
@incollection{segmentation-alexnet,
  title = {ImageNet Classification with Deep Convolutional Neural Networks},
  author = {Alex Krizhevsky and Sutskever, Ilya and Hinton, Geoffrey E},
  booktitle = {Advances in Neural Information Processing Systems 25},
  editor = {F. Pereira and C. J. C. Burges and L. Bottou and K. Q. Weinberger},
  pages = {1097--1105},
  year = {2012},
  publisher = {Curran Associates, Inc.},
  url = {http://papers.nips.cc/paper/4824-imagenet-classification-with-deep-convolutional-neural-networks.pdf}
}

% Original VGG-16 architecture
% https://arxiv.org/pdf/1409.1556.pdf
@article{vgg-16,
  title={Very Deep Convolutional Networks for Large-Scale Image Recognition},
  author={Karen Simonyan and Andrew Zisserman},
  year={2014},
  eprint={1409.1556},
  archivePrefix={arXiv},
  primaryClass={cs.CV}
}

% GoogLeNet
% https://arxiv.org/pdf/1409.4842.pdf
@article{googlenet,
  title={Going Deeper with Convolutions},
  author={Christian Szegedy and Wei Liu and Yangqing Jia and Pierre Sermanet and Scott Reed and Dragomir Anguelov and Dumitru Erhan and Vincent Vanhoucke and Andrew Rabinovich},
  year={2014},
  eprint={1409.4842},
  archivePrefix={arXiv},
  primaryClass={cs.CV}
}

% ResNet
% http://openaccess.thecvf.com/content_cvpr_2016/papers/He_Deep_Residual_Learning_CVPR_2016_paper.pdf
@InProceedings{resnet,
  author = {He, Kaiming and Zhang, Xiangyu and Ren, Shaoqing and Sun, Jian},
  title = {Deep Residual Learning for Image Recognition},
  booktitle = {The IEEE Conference on Computer Vision and Pattern Recognition (CVPR)},
  month = {June},
  year = {2016}
}

% Use of FCNN for semantic segmentation
% https://www.cv-foundation.org/openaccess/content_cvpr_2015/papers/Long_Fully_Convolutional_Networks_2015_CVPR_paper.pdf
@InProceedings{segmentation-fcnn,
  author = {Long, Jonathan and Shelhamer, Evan and Darrell, Trevor},
  title = {Fully Convolutional Networks for Semantic Segmentation},
  booktitle = {The IEEE Conference on Computer Vision and Pattern Recognition (CVPR)},
  month = {June},
  year = {2015}
}

% U-Net architecture
% https://link.springer.com/chapter/10.1007/978-3-319-24574-4_28
@InProceedings{segmentation-unet,
  author="Ronneberger, Olaf
  and Fischer, Philipp
  and Brox, Thomas",
  editor="Navab, Nassir
  and Hornegger, Joachim
  and Wells, William M.
  and Frangi, Alejandro F.",
  title="U-Net: Convolutional Networks for Biomedical Image Segmentation",
  booktitle="Medical Image Computing and Computer-Assisted Intervention -- MICCAI 2015",
  year="2015",
  publisher="Springer International Publishing",
  address="Cham",
  pages="234--241",
  isbn="978-3-319-24574-4"
}

% SegNet architecture
% https://ieeexplore.ieee.org/stamp/stamp.jsp?tp=&arnumber=7803544
@article{segmentation-segnet,
  author={V. {Badrinarayanan} and A. {Kendall} and R. {Cipolla}},
  journal={IEEE Transactions on Pattern Analysis and Machine Intelligence},
  title={SegNet: A Deep Convolutional Encoder-Decoder Architecture for Image Segmentation},
  year={2017},
  volume={39},
  number={12},
  pages={2481-2495},
  doi={10.1109/TPAMI.2016.2644615},
  ISSN={1939-3539},
  month={Dec}
}

% R-CNN
% http://openaccess.thecvf.com/content_cvpr_2014/papers/Girshick_Rich_Feature_Hierarchies_2014_CVPR_paper.pdf
@InProceedings{r-cnn,
  author = {Girshick, Ross and Donahue, Jeff and Darrell, Trevor and Malik, Jitendra},
  title = {Rich Feature Hierarchies for Accurate Object Detection and Semantic Segmentation},
  booktitle = {The IEEE Conference on Computer Vision and Pattern Recognition (CVPR)},
  month = {June},
  year = {2014}
} 

% Fast R-CNN
% https://arxiv.org/pdf/1504.08083.pdf
@article{fast-r-cnn,
  title={Fast R-CNN},
  author={Ross Girshick},
  year={2015},
  eprint={1504.08083},
  archivePrefix={arXiv},
  primaryClass={cs.CV}
}

% Faster R-CNN
% http://papers.nips.cc/paper/5638-faster-r-cnn-towards-real-time-object-detection-with-region-proposal-networks.pdf
@incollection{faster-r-cnn,
  title = {Faster R-{CNN}: Towards Real-Time Object Detection with Region Proposal Networks},
  url = {http://papers.nips.cc/paper/5638-faster-r-cnn-towards-real-time-object-detection-with-region-proposal-networks.pdf},
  pages = {91--99},
  booktitle = {Advances in Neural Information Processing Systems 28},
  publisher = {Curran Associates, Inc.},
  author = {Ren, Shaoqing and He, Kaiming and Girshick, Ross and Sun, Jian},
  editor = {Cortes, C. and Lawrence, N. D. and Lee, D. D. and Sugiyama, M. and Garnett, R.},
  date = {2015}
}

% Mask R-CNN
% http://openaccess.thecvf.com/content_ICCV_2017/papers/He_Mask_R-CNN_ICCV_2017_paper.pdf
@InProceedings{mask-r-cnn,
  author = {He, Kaiming and Gkioxari, Georgia and Dollar, Piotr and Girshick, Ross},
  title = {Mask R-CNN},
  booktitle = {The IEEE International Conference on Computer Vision (ICCV)},
  month = {Oct},
  year = {2017}
}

" Dynamic routing between capsules (Original Capsule theory)
" http://papers.nips.cc/paper/6975-dynamic-routing-between-capsules.pdf
@incollection{capsules,
  title = {Dynamic Routing Between Capsules},
  url = {http://papers.nips.cc/paper/6975-dynamic-routing-between-capsules.pdf},
  pages = {3856--3866},
  booktitle = {Advances in Neural Information Processing Systems 30},
  publisher = {Curran Associates, Inc.},
  author = {Sabour, Sara and Frosst, Nicholas and Hinton, Geoffrey E},
  editor = {Guyon, I. and Luxburg, U. V. and Bengio, S. and Wallach, H. and Fergus, R. and Vishwanathan, S. and Garnett, R.},
  date = {2017}
}

% SegCaps architecture
% https://arxiv.org/pdf/1804.04241.pdf
@article{segmentation-segcaps,
    title={Capsules for Object Segmentation},
    author={Rodney LaLonde and Ulas Bagci},
    year={2018},
    eprint={1804.04241},
    archivePrefix={arXiv},
    primaryClass={stat.ML}
}
