% All relevant software dependencies
@Manual{dep:gdal,
  title = {{GDAL/OGR} Geospatial Data Abstraction software Library},
  author = {{GDAL/OGR contributors}},
  organization = {Open Source Geospatial Foundation},
  year = {2019},
  url = {https://gdal.org},
}
@software{dep:rasterio,
  author =    {Sean Gillies and others},
  organization = {Mapbox},
  title =     {Rasterio: geospatial raster I/O for {Python} programmers},
  year =      {2013--},
  url = "https://github.com/mapbox/rasterio"
}
@Misc{dep:fiona,
  author =    {Sean Gillies and others},
  organization = {Toblerity},
  title =     {Fiona is OGR's neat, nimble, no-nonsense API},
  year =      {2011--},
  url = "https://github.com/Toblerity/Fiona"
}
@Misc{dep:numpy,
  author =    {Travis Oliphant},
  title =     {{NumPy}: A guide to {NumPy}},
  year =      {2006--},
  howpublished = {USA: Trelgol Publishing},
  url = "http://www.numpy.org/",
 }
@inproceedings{dep:tensorflow,
  title	= {TensorFlow: A system for large-scale machine learning},
  author	= {Martin Abadi and Paul Barham and Jianmin Chen and Zhifeng Chen and Andy Davis and Jeffrey Dean and Matthieu Devin and Sanjay Ghemawat and Geoffrey Irving and Michael Isard and Manjunath Kudlur and Josh Levenberg and Rajat Monga and Sherry Moore and Derek G. Murray and Benoit Steiner and Paul Tucker and Vijay Vasudevan and Pete Warden and Martin Wicke and Yuan Yu and Xiaoqiang Zheng},
  year	= {2016},
  URL	= {https://www.usenix.org/system/files/conference/osdi16/osdi16-abadi.pdf},
  booktitle	= {12th USENIX Symposium on Operating Systems Design and Implementation (OSDI 16)},
  pages	= {265--283}
}
@Misc{dep:shapely,
  author =    {Sean Gillies and others},
  organization = {toblerity.org},
  title =     {Shapely: manipulation and analysis of geometric objects},
  year =      {2007--},
  url = "https://github.com/Toblerity/Shapely"
}
@article{dep:scikit-image,
  title={scikit-image: image processing in Python},
  author={Van der Walt, Stefan and Sch{\"o}nberger, Johannes L and Nunez-Iglesias, Juan and Boulogne, Fran{\c{c}}ois and Warner, Joshua D and Yager, Neil and Gouillart, Emmanuelle and Yu, Tony},
  journal={PeerJ},
  volume={2},
  pages={e453},
  year={2014},
  publisher={PeerJ Inc.}
}
@article{dep:sklearn,
  title={Scikit-learn: Machine learning in Python},
  author={Pedregosa, Fabian and Varoquaux, Ga{\"e}l and Gramfort, Alexandre and Michel, Vincent and Thirion, Bertrand and Grisel, Olivier and Blondel, Mathieu and Prettenhofer, Peter and Weiss, Ron and Dubourg, Vincent and others},
  journal={Journal of machine learning research},
  volume={12},
  number={Oct},
  pages={2825--2830},
  year={2011}
}
@software{dep:geopandas,
  author       = {Kelsey Jordahl and Joris Van den Bossche and Jacob Wasserman and James McBride and Martin Fleischmann and Jeffrey Gerard and Jeff Tratner and Matthew Perry and Carson Farmer and Geir Arne Hjelle and Sean Gillies and Micah Cochran and Matt Bartos and Lucas Culbertson and Nick Eubank and maxalbert and Sergio Rey and Aleksey Bilogur and Dani Arribas-Bel and Christopher Ren and Joshua Wilson and Martin Journois and Levi John Wolf and Leah Wasser and Alan D. Snow and YuichiNotoya and Fran√ßois Leblanc and Filipe and Chris Holdgraf and Adam Greenhall},
  title        = {geopandas/geopandas: v0.6.2},
  month        = nov,
  year         = 2019,
  publisher    = {Zenodo},
  version      = {v0.6.2},
  doi          = {10.5281/zenodo.3545747},
  url          = {https://doi.org/10.5281/zenodo.3545747}
}
@article{dep:docker,
  author = {Merkel, Dirk},
  title = {Docker: Lightweight Linux Containers for Consistent Development and Deployment},
  year = {2014},
  issue_date = {March 2014},
  publisher = {Belltown Media},
  address = {Houston, TX},
  volume = {2014},
  number = {239},
  issn = {1075-3583},
  journal = {Linux J.},
  month = mar,
  articleno = {Article 2},
  numpages = {1}
}
