@misc{esri-reconstruction,
  title={Reconstructing 3D buildings from aerial LiDAR with AI: details},
  author={Kudinov, D and Hedges, D and Maher, O},
  institution={ESRI},
  url={https://medium.com/geoai/reconstructing-3d-buildings-from-aerial-lidar-with-ai-details-6a81cb3079c0},
  urldate={2020-06-23},
}

@inproceedings{surface-normal-estimation,
  title={Designing deep networks for surface normal estimation},
  author={Wang, Xiaolong and Fouhey, David and Gupta, Abhinav},
  booktitle={Proceedings of the IEEE Conference on Computer Vision and Pattern Recognition},
  pages={539--547},
  year={2015}
}

@inproceedings{geonet,
  title={Geonet: Geometric neural network for joint depth and surface normal estimation},
  author={Qi, Xiaojuan and Liao, Renjie and Liu, Zhengzhe and Urtasun, Raquel and Jia, Jiaya},
  booktitle={Proceedings of the IEEE Conference on Computer Vision and Pattern Recognition},
  pages={283--291},
  year={2018}
}

@inproceedings{nestinet,
  title={Nesti-net: Normal estimation for unstructured 3d point clouds using convolutional neural networks},
  author={Ben-Shabat, Yizhak and Lindenbaum, Michael and Fischer, Anath},
  booktitle={Proceedings of the IEEE Conference on Computer Vision and Pattern Recognition},
  pages={10112--10120},
  year={2019}
}

% https://www.researchgate.net/publication/277353853_TOPOLOGICAL_3D_MODELING_USING_INDOOR_MOBILE_LIDAR_DATA/fulltext/57aaaba808ae0932c96ecae7/TOPOLOGICAL-3D-MODELING-USING-INDOOR-MOBILE-LIDAR-DATA.pdf
@article{topological-modeling,
  title={Topological 3d Modeling Using Indoor Mobile LiDAR Data.},
  author={Nakagawa, Masafumi and Yamamoto, T and Tanaka, Shinichi and Shiozaki, M and Ohhashi, T},
  journal={International Archives of the Photogrammetry, Remote Sensing \& Spatial Information Sciences},
  year={2015}
}
