@unpublished{specialization-project,
  title={Building Footprint Detection Using Remote Sensing Data},
  author={Martinussen, Jakob Gerhard},
  year={2019},
  school={Norwegian University of Science and Technology},
  url={https://jakobgm.com/pdf/ntnu_reports/9-project-thesis.pdf}
}
